2650 4692
1214 328 1237 356 2

129 405 251 457 DE
303 367 1466 485 PYTHAGORIQAJI‘TA.
1523 398 1722 453 cAP.
1764 404 1878 453 11.
1941 377 2084 455 115·

90 568 331 667 pham,·
382 566 677 647 liberos
730 566 1091 660 enixam,
1144 574 1532 649 Matrem5
1583 565 1850 639 auiam
1889 570 2072 642 Do·-
2185 658 2190 669 1
2263 580 2282 599 *

88 689 229 763 rica
278 688 679 781 dialectO,
745 694 1067 763 Maiam.
1172 686 1325 761 Cui
1377 712 1828 763 consonum
1879 713 2068 782 esse,

88 813 284 909 quod
324 834 476 907 per
516 806 931 883 mulierem
971 812 1331 884 Dodone
1375 830 1457 881 et
1495 808 1836 909 Delphis
1882 835 2066 887 ora-

88 933 246 1003 cula
278 932 667 1003 edantur.
786 930 931 1005 His
984 957 1033 1003 a
1080 928 1418 1063 pietate
1447 930 1831 1005 arcessitis
1882 934 2066 1003 lau-

88 1051 284 1123 dibus
347 1049 729 1125 effectam
796 1077 958 1125 esse
1024 1050 1258 1124 aiunt
1290 1071 1639 1169 tantam
1691 1051 2066 1139 immuta-
2137 1054 2146 1067 “

84 1172 349 1245 tionem
376 1226 425 1265 ,
502 1192 601 1247 vt
664 1170 1081 1253 vilioribus
1144 1172 1636 1248 vestimentis
1705 1168 2064 1245 assumtis

63 1293 399 1395 pretiosa
444 1316 618 1367 non
666 1292 1009 1393 amplius
1056 1298 1454 1367 auderent
1499 1295 1840 1370 induere
1883 1284 2061 1369 mu-

86 1414 313 1508 liereS‚
360 1420 504 1489 sed
557 1416 975 1503 omnesin
1022 1418 1331 1515 templo
1385 1410 1723 1491 Iun'onis
1776 1437 2061 1487 conse-

87 1557 368 1609 crarent
421 1536 743 1637 aliquot
794 1535 1328 1647 pretiosarum
1377 1535 1721 1613 vestium
1766 1535 2062 1631 myria-

86 1662 215 1731 des.
309 1658 609 1737 Fertur
662 1662 823 1732 hoc
890 1682 1227 1757 quoque
1290 1653 1680 1731 oratione*
1721 1684 1870 1733 sua
1923 1683 2067 1747 εις-ς

88 1798 409 1873 secutus,
476 1778 693 1853 eirca
742 1779 1157 1883 regionem
1212 1777 1878 1853 Crotoniatarum
1929 1803 2063 1851 ce·-

84 1904 439 1976 lebratam
493 1928 657 1975 esse
696 1900 942 1975 fidem
982 1898 1247 1973 mariti
1299 1902 1494 2003 erga
1540 1926 1908 1992 vxor-em,
1961 1924 2063 1971 eo

86 2028 275 2122 quod
341 2026 663 2119 Vlysses
730 2048 905 2095 non
972 2022 1532 2121 aceeptauerit
1568 2018 2062 2093 ‘immortali-

86 2164 297 2217 tatem
347 2172 397 2219 a
454 2144 914 2243 Calypsone
979 2169 1079 2215 ea
1138 2142 1614 2217 conditione
1677 2142 2060 2227 oblatam,

84 2288 158 2339 vt
193 2270 658 2398 Penelopen
704 2268 1123 2337 desereret.
1226 2266 1568 2361 Restare
1618 2262 1900 2365 igitur,
1969 2279 2066 2333 vt

86 2412 333 2461 onres
375 2384 679 2461 maritis
726 2411 951 2459 suam
982 2372 1411 2519 praestent
1453 2384 1860 2475 virtutem,
1915 2384 2088 2487 ad·-¹

89 2531 310 2606 eoque
372 2507 559 2610 pari
620 2511 868 2587 laude
920 2504 1107 2581 viris
1164 2532 1246 2581 se
1309 2525 1800 2636 exaequent.
1916 2499 2064 2575 His

86 2629 417 2729 alloquiis
501 2630 1015 2729 Pythagorae
1101 2652 1278 2701 non
1358 2630 1682 2728 parum
1731 2621 2062 2705 honoris

86 2750 459 2852 studiique
513 2748 871 2823 Crotone
900 2804 925 2843 ‚
1010 2769 1093 2823 et
1143 2774 1320 2850 per
1341 2753 1560 2827 hanc
1627 2750 1912 2827 vrbem
1970 2742 2062 2815 in
2115 2746 2141 2817 ſs

85 2869 283 2952 Italia
327 2892 687 2973 partum·
711 2894 874 2945 esse
914 2889 1440 2951 asseueratur.

157 3132 247 3205 ⁸6)
281 3124 729 3206 ὗπολείποιτο]
810 3132 929 3189 Hic
973 3135 1269 3209 optauimus
1314 3123 1539 3196 eadem
1555 3126 1786 3186 ratione
1821 3140 1909 3181 est
1949 3144 2056 3222 po·

222 3221 401 3284 situs,-
455 3240 569 3295 qua
611 3220 677 3273 in
720 3218 867 3275 locis
909 3216 1095 3275 allatis
1140 3240 1173 3273 a
1216 3217 1526 3276 Schaefero
1568 3214 1632 3269 in
1679 3209 1878 3269 Melet.
1923 3210 2053 3266 exit.

220 3324 277 3379 Ρ.
336 3318 475 3363 ιοίι.
575 3304 841 3389 Insignis
912 3302 1173 3359 eiusdem
1243 3301 1473 3379 generis
1534 3299 1701 3367 loeus
1760 3294 2054 3369 reperitur

222 3390 374 3463 apud
428 3390 743 3447 stobaeum
798 3384 922 3441 Ecl.
977 3386 1148 3461 phys.
1210 3393 1271 3445 P.
1316 3392 1364 3443 Ι.
1437 3406 1496 3459 Ρ.
1565 3392 1704 3448 208.
1775 3378 1880 3434 vbi
1940 3395 2050 3449 pro

218 3473 517 3542 βλάπτοιεν
551 3472 925 3529 scribendum
966 3469 1257 3538 βλαστοιεν
1304 3490 1440 3530 cum
1483 3462 1942 3540 Wyttenbachio
1986 3460 2055 3513 in

221 3560 379 3617 Nota
428 3558 621 3613 addita
650 3555 883 3614 Malnui
913 3554 1309 3615 dissertationi
1337 3555 1410 3611 de
1442 3554 1818 3613 Aristoxeno,
1865 3566 1930 3621 Ρ.
1948 3552 2052 3613 87.

201 3644 313 3699 ὀᾶ.
356 3637 523 3717 Lips.
610 3643 847 3697 Rieu.

152 3799 247 3873 ¹7)
295 3780 763 3875 καταστήσωσι]
860 3794 931 3847 In
974 3791 1098 3849 ciz.
1144 3748 1503 3847 xatalhoumi.
1596 3786 1826 3841 Ibidem
1875 3760 2054 3858 ΡιιιΙο
2119 3770 2128 3779 ’

220 3898 353 3957 post
409 3880 569 3934 deest
611 3878 735 3947 καί,
812 3878 979 3953 quod
1034 3892 1170 3953 Post
1223 3873 1466 3945 σπουδήν
1515 3871 1582 3925 in
1638 3870 1768 3927 edd.
1809 3871 1941 3927 Arc.
1998 3880 2058 3923 et

219 3968 391 4023 Kust.
418 3962 657 4042 legitur.
742 3964 837 4023 K
816 3985 833 4016 1
854 3982 882 4017 e
902 3982 927 4015 s
943 3981 985 4017 s.

849 4071 857 4080 “
1464 4058 1550 4131 Η
1600 4077 1646 4129 2
